@MASTERSTHESIS{Andre,
    Author         = "Andr{\'e} Kilian",
    Note           = {Main reference},
    School         = {University of Pretoria},
    Title          = {Control of an acid sulphite batch pulp digester based on a fundamental process model},
    Year           = {1999}
}

@ARTICLE{Cacik,
    Author         = {Francisco Cacik and Rodolfo G. Dondo and Dardo Marqu\'es},
    Journal        = {Computers and Chemical Engineering},
    Number         = {25},
    Pages          = {409-418},
    Title          = {Optimal Control of a batch bioreactor for the production of {X}anthan gum},
    Year           = {2001}
}

@ARTICLE{Wisnewski,
    Author         = {Philip A. Wisnewski and Francis J. Doyle III},
    Journal        = {Journal of Process Control},
    Note           = {Continuous control strategy},
    Number         = {5-6},
    Pages          = {487-495},
    Title          = {Control structure selection and model predictive control of the Weyerhaeuser digester problem},
    Volume         = {8},
    Year           = {1998}
}
 
@ARTICLE{Patwardan,
    Author         = {Rohit S. Patwardhan and Sirish L. Shah},
    Journal        = {Journal of Process Control},
    Number         = {12},
    Pages          = {413-427},
    Title          = {Issues in performance diagnostics of model-based controllers},
    Year           = {2002}
}

@BOOK{Richardson94,
    Address        = {Oxford, U.K.},
    Author         = {J. Richardson and D. Peacock},
    Publisher      = {Permagon},
    Series         = {Coulson \& Richardson's Chemical Engineering},
    Title          = {Chemical \& Biochemical Reactors \& Process Control},
    Volume         = {3},
    Year           = {1994}
}
 
@BOOK{Seborg89,
    Address        = {U.S.A.},
    Author         = {D. Seborg and T. Edgar and D. Mellichamp},
    Publisher      = {Wiley},
    Title          = {Process Dynamics and Control},
    Year           = {1989}
}

@BOOK{Johnson94,
    Author         = {R. Johnson},
    Edition        = {5},
    Publisher      = {Prentice Hall},
    Title          = {Miller and Freund's probability and statistics for engineers},
    Year           = {1994}
}

@BOOK{Marlin00,
    Author         = {T. Marlin},
    Edition        = {second},
    Publisher      = {McGraw Hill},
    Title          = {Process Control, Designing Processes and Control Systems for Dynamic Performance},
    Year           = {2000}
}
 
@BOOK{Mulley93,
    Address        = {North Carolina, U.S.A.},
    Author         = {R. Mulley},
    Publisher      = {ISA},
    Title          = {Control system documentation, Applying symbols and identification},
    Year           = {1993}
}